%% This BibTeX bibliography file was created using BibDesk.
%% http://bibdesk.sourceforge.net/


%% Created for Anouk Visser at 2014-05-07 22:24:03 +0200 


%% Saved with string encoding Unicode (UTF-8) 



@book{koehn,
	Author = {Koehn, Philipp},
	Date-Added = {2014-05-07 20:23:32 +0000},
	Date-Modified = {2014-05-07 20:23:59 +0000},
	Publisher = {Cambridge University Press},
	Title = {Statistical machine translation},
	Year = {2010}}

@book{anouk,
	Date-Added = {2014-05-07 20:15:13 +0000},
	Date-Modified = {2014-05-07 20:15:32 +0000},
	Publisher = {hallo},
	Title = {test test},
	Year = {2014}}
